@misc{Prezentacja:ZED,
    author = "{Stefanowski J.}",
    title = "{Zaawansowana eksploracja danych - materiały wykładowe}",
    year = "Politechnika Poznańska, Poznań, 2010",
    howpublished = "\url{http://www.cs.put.poznan.pl/jstefanowski/aed/DMwstep.pdf}"
}

@misc{Prezentacja:Strumienie,
    author = "{Stefanowski J.}",
    title = "{Uczenie się klasyfikatorów ze strumieni danych - materiały wykładowe}",
    year = "Politechnika Poznańska, Poznań, 2020",
    howpublished = "\url{http://www.cs.put.poznan.pl/jstefanowski/pse/datastreams-classification2.pdf}"
}

@inproceedings{DBrzezinski:Prezentacja,
    author = "{Brzeziński D.}",
    title = "{Strumienie danych - materiały wykładowe}",
    year = "2022 - dostęp poprzez system eKursy Politechniki Poznańskiej",
    address = "Politechnika Poznańska, Poznań"
}

@mastersthesis{DBrzezinski,
    author = "{Brzeziński D.}",
    year = "2010",
    title = "{Mining Data Streams with Concept Drift}",
    school = {Politechnika Poznańska, Poznań},
    url = {http://www.cs.put.poznan.pl/dbrzezinski/publications/ConceptDrift.pdf}
}

@phdthesis{BrzezPhd2015,
    author = "{Brzeziński D.}",
    title = "{Block-based and Online Ensembles for Concept-drifting Data Streams}",
    school = {Politechnika Poznańska, Poznań},
    year = {2015}
}

@misc{Article:BigData,
    author = "{Djuraskovic O.}",
    title = "Big Data Statistics 2022: How Much Data is in The World?",
    year = "2022",
    address = "Politechnika Poznańska, Poznań",
    howpublished = "\url{https://firstsiteguide.com/big-data-stats}"
}

@incollection{Article:TradDataStream,
    author = "{Gama J., Rodrigues P.}",
    year = {2007},
    month = {01},
    pages = {25-39},
    title = "{Data Stream Processing}",
    booktitle = {Learning from Data Streams - Processing Techniques in Sensor Networks},
    publisher = {Springer}
}

@inproceedings{Article:OBFirst,
    title = "{A learning framework for online class imbalance learning}",
    author = "{Wang S., Minku L. L., Yao X.}",
    booktitle = {2013 IEEE Symposium on Computational Intelligence and Ensemble Learning (CIEL)},
    year = {2013},
    pages = {36-45},
    organization = {IEEE}
}

@article{Article:OBSecond,
    title = "{Resampling-Based Ensemble Methods for Online Class Imbalance Learning}",
    author = "{Wang S., Minku L. L., Yao X.}",
    journal = {IEEE Transactions on Knowledge and Data Engineering},
    year = {2014},
    volume = {27},
    number = {5},
    pages = {1356-1368},
    publisher = {IEEE}
}

@article{Article:ManyAlgorithms,
    author = "{Wang B., Pineau J.}",
    year = {2016},
    pages = {3353-3366},
    title = "{Online Bagging and Boosting for Imbalanced Data Streams}",
    volume = {28},
    number = {12},
    journal = {IEEE Transactions on Knowledge and Data Engineering},
    publisher = {IEEE}
}

@article{Article:TypyPrzykladow,
    author = "{Brzeziński D. i in.}",
    year = {2021},
    month = {06},
    pages = {1429-1469},
    title = "{The impact of data difficulty factors on classification of imbalanced and concept drifting data streams}",
    volume = {63},
    number = {6},
    journal = {Knowledge and Information Systems},
    doi = {10.1007/s10115-021-01560-w},
    publisher = {Springer}
}

@article{Article:MOA,
    author = "{Albert B. i in.}",
    year = {2010},
    month = {05},
    pages = {},
    title = "{MOA: Massive Online Analysis}",
    volume = {11},
    journal = {Journal of Machine Learning Research}
}

@article{Article:River,
    author = "{Montiel J. i in.}",
    year = {2020},
    month = {12},
    pages = {},
    title = "{River: machine learning for streaming data in Python}"
}

@article{Article:Samoa,
    author = "{Bifet A., Morales G.}",
    year = {2015},
    month = {01},
    pages = {1199-1202},
    title = "{Big data stream learning with SAMOA}",
    volume = {2015},
    journal = {IEEE International Conference on Data Mining Workshops, ICDMW},
    doi = {10.1109/ICDMW.2014.24}
}

@inproceedings{Article:Flink,
    author = "{Katsifodimos A., Schelter S.}",
    year = {2016},
    month = {04},
    pages = {193-193},
    title = "{Apache Flink: Stream Analytics at Scale}",
    booktitle = {2016 IEEE international conference on cloud engineering workshop (IC2EW)},
    organization = {IEEE}
}

@inproceedings{Article:Inz,
    author = "{Chmura A. i in.}",
    title = "Algorytmy uczenia maszynowego w predykcji wyników meczów piłkarskich",
    year = "2021",
    address = "Politechnika Poznańska, Poznań"
}

@phdthesis{MZieba,
    author = "{Zięba M.}",
    year = "2013",
    title = "{Zespoły klasyfikatorów SVM dla danych niezbalansowanych}",
    school = "Politechnika Wrocławska",
    address = "Wrocław, Polska"
}

@article{Article:DriftGama,
    author = "{Gama J., Aguilar-Ruiz J., Klinkenberg R.}",
    year = {2008},
    month = {05},
    pages = {251-252},
    title = "{Knowledge discovery from data streams}",
    volume = {12},
    journal = {Intell. Data Anal.},
    doi = {10.3233/IDA-2008-12301}
}

@article{Article:DriftGama2,
    author = "{Gama J. i in.}",
    title = "{A survey on concept drift adaptation}",
    journal = {ACM Computing Surveys (CSUR)},
    year = {2014},
    volume = {46},
    number = {4},
    pages = {1-37},
    publisher = {ACM New York, NY, USA}
}

@inproceedings{Article:Kelly,
    title = "{The impact of changing populations on classifier performance}",
    author = "{Kelly M. G., Hand D. J., Adams N. M.}",
    booktitle = {Proceedings of the fifth ACM SIGKDD international conference on Knowledge discovery and data mining},
    pages = {367-371},
    year = {1999}
}

@inproceedings{Article:RealDrift,
    author = "{Huang Y., Wang H., Yu P.}",
    year = {2004},
    month = {04},
    pages = {457-461},
    title = "{Active Mining of Data Streams}",
    journal = {SIAM Proceedings Series},
    doi = {10.1137/1.9781611972740.46},
    booktitle = {Proceedings of the 2004 SIAM International Conference on Data Mining},
    organization = {SIAM}
}

@inproceedings{Article:VirtualDrift,
    author = "{Delany S. i in.}",
    year = {2004},
    pages = {3-16},
    title = "{A Case-Based Technique for Tracking Concept Drift in Spam Filtering}",
    booktitle = {International Conference on Innovative Techniques and Applications of Artificial Intelligence},
    organization = {Springer}
}

@inproceedings{Article:DriftType,
    author = "{Kosina P., Gama J., Sebastião R.}",
    year = {2010},
    month = {01},
    pages = {1119-1120},
    title = "{Drift Severity Metric}",
    volume = {215},
    journal = {Frontiers in Artificial Intelligence and Applications},
    doi = {10.3233/978-1-60750-606-5-1119},
    booktitle = {ECAI 2010},
    publisher = {IOS Press}
}

@article{Article:DriftType2,
    title = "{The Impact of Diversity on Online Ensemble Learning in the Presence of Concept Drift}",
    author = "{Minku L. L., White A. P., Yao X.}",
    journal = {IEEE Transactions on Knowledge and Data Engineering},
    year = {2010},
    volume = {22},
    number = {5},
    pages = {730-742},
    publisher = {IEEE}
}

@inproceedings{Article:DriftType3,
    author = "{Kuncheva L.}",
    year = {2004},
    month = {06},
    pages = {1-15},
    title = "{Classifier Ensembles for Changing Environments}",
    volume = {3077},
    isbn = {978-3-540-22144-9},
    journal = {MCS 2004. LNCS},
    doi = {10.1007/978-3-540-25966-4_1},
    booktitle = {International Workshop on Multiple Classifier Systems},
    organization = {Springer}
}

@article{Article:DriftType4,
    author = "{Zliobaite I.}",
    year = {2010},
    month = {01},
    pages = {},
    title = "{Learning under Concept Drift: an Overview}",
    volume = {abs/1010.4784},
    journal = {CoRR}
}

@phdthesis{PHD:Zliobaite,
    author = "{Zliobaite I.}",
    title = "{Adaptive training set formation}",
    school = {Vilnius University},
    year = {2010}
}

@book{Book:DataDistribution,
    author = "{Fernández A. i in.}",
    year = {2018},
    month = {01},
    pages = {},
    volume = {10},
    title = "{Learning from Imbalanced Data Sets}",
    isbn = {978-3-319-98073-7},
    doi = {10.1007/978-3-319-98074-4},
    publisher = {Springer}
}

@article{Article:DataDistribution,
    author = "{Jo D. T., Japkowicz N.}",
    year = {2004},
    month = {06},
    pages = {40-49},
    title = "{Class imbalances versus small disjuncts}",
    volume = {6},
    number = {1},
    journal = {ACM Sigkdd Explorations Newsletter},
    publisher = {ACM New York, NY, USA}
}

@article{Article:DataDistribution2,
    author = "{Napierala K., Stefanowski J.}",
    year = {2015},
    month = {07},
    pages = {563-597},
    title = "{Types of minority class examples and their influence on learning classifiers from imbalanced data}",
    volume = {46},
    number = {3},
    journal = {Journal of Intelligent Information Systems},
    doi = {10.1007/s10844-015-0368-1},
    publisher = {Springer}
}

@inproceedings{Article:DataDistribution3,
    author = "{Napierala K., Stefanowski J.}",
    year = {2012},
    pages = {139-150},
    title = "{The influence of minority class distribution on learning from imbalance data}",
    volume = {7209},
    booktitle = {Proceedings of the 7th Conference HAIS}
}

@inproceedings{Inbook:DataDistribution,
    author = "{Weiss G.}",
    year = {2010},
    month = {10},
    pages = {193-226},
    title = "{The Impact of Small Disjuncts on Classifier Learning}",
    volume = {8},
    isbn = {978-1-4419-1279-4},
    journal = {Annals of Information Systems},
    doi = {10.1007/978-1-4419-1280-0_9},
    booktitle = {Data Mining},
    organization = {Springer}
}

@inproceedings{Article:DataDistribution4,
    author = "{García V., Sánchez J., Mollineda R.}",
    year = {2007},
    month = {11},
    pages = {397-406},
    title = "{An Empirical Study of the Behavior of Classifiers on Imbalanced and Overlapped Data Sets}",
    booktitle = {Iberoamerican congress on pattern recognition},
    organization = {Springer}
}

@inproceedings{Article:ClusterTransition,
    author = "{Spiliopoulou M. i in.}",
    year = {2006},
    month = {01},
    pages = {706-711},
    title = "{MONIC - Modeling and monitoring cluster transitions}",
    booktitle = {Proceedings of the 12th ACM SIGKDD international conference on Knowledge discovery and data mining}
}

@phdthesis{PHD:Kirkby,
    author = "{Kirkby R. B.}",
    year = {2007},
    month = {01},
    school = {The University of Waikato},
    address = {Hamilton, New Zealand},
    title = "{Improving Hoeffding Trees}"
}

@article{Article:Evaluation,
    author = "{Gama J., Sebastião R., Rodrigues P.}",
    year = {2013},
    month = {10},
    pages = {317-346},
    title = "{On evaluating stream learning algorithms}",
    volume = {90},
    number = {3},
    journal = {Machine Learning},
    doi = {10.1007/s10994-012-5320-9},
    publisher = {Springer}
}

@incollection{Inbook:Metrics,
    author = "{Brzeziński D., Stefanowski J.}",
    year = {2018},
    month = {03},
    pages = {44-68},
    title = "{Ensemble Classifiers for Imbalanced and Evolving Data Streams}",
    isbn = {978-981-322-803-0},
    journal = {Data Mining in Time Series and Streaming Databases},
    doi = {10.1142/9789813228047_0003},
    booktitle = {Data Mining in Time Series and Streaming Databases},
    publisher = {World Scientific}
}

@inproceedings{Article:NeuralNetworks,
    author = "{Leite D., Costa Jr P., Gomide F.}",
    year = {2010},
    month = {08},
    pages = {1-8},
    title = "{Evolving granular neural network for semi-supervised data stream classification}",
    booktitle = {The 2010 international joint conference on neural networks (IJCNN)},
    organization = {IEEE}
}

@inproceedings{Article:NaiveBayes,
    author = "{Bouckaert R.}",
    year = {2006},
    month = {11},
    pages = {243-252},
    title = "{Voting Massive Collections of Bayesian Network Classifiers for Data Streams}",
    volume = {4304},
    isbn = {978-3-540-49787-5},
    doi = {10.1007/11941439_28},
    organization = {Springer},
    booktitle = {Australasian Joint Conference on Artificial Intelligence}
}

@inproceedings{Article:Neighbours,
    author = "{Law Y., Zaniolo C.}",
    year = {2005},
    month = {10},
    pages = {108-120},
    title = "{An Adaptive Nearest Neighbor Classification Algorithm for Data Streams}",
    volume = {3721},
    booktitle = {European Conference on Principles of Data Mining and Knowledge Discovery},
    organization = {Springer}
}

@article{Article:DecisionRules,
    author = "{Kosina P., Gama J.}",
    year = {2013},
    month = {01},
    pages = {168-202},
    title = "{Very fast decision rules for classification in data streams}",
    volume = {29},
    number = {1},
    journal = {Data Mining and Knowledge Discovery},
    doi = {10.1007/s10618-013-0340-z},
    publisher = {Springer}
}

@article{Article:VFDT,
    author = "{Domingos P., Hulten G.}",
    year = {2002},
    month = {11},
    pages = {71-80},
    title = "{Mining High-Speed Data Streams}",
    journal = {Proceeding of the Sixth ACM SIGKDD International Conference on Knowledge Discovery and Data Mining},
    doi = {10.1145/347090.347107}
}

@inproceedings{Article:DriftDetection,
    author = "{Gama J. i in.}",
    year = {2004},
    month = {09},
    pages = {286-295},
    title = "{Learning with Drift Detection}",
    volume = {8},
    isbn = {978-3-540-23237-7},
    journal = {Intelligent Data Analysis},
    doi = {10.1007/978-3-540-28645-5_29},
    booktitle = {Brazilian symposium on artificial intelligence},
    organization = {Springer}
}

@inproceedings{Article:DriftDetection2,
    author = "{Baena-García M. i in.}",
    year = {2006},
    month = {01},
    title = "{Early Drift Detection Method}",
    booktitle = {Fourth international workshop on knowledge discovery from data streams},
    volume = {6},
    pages = {77-86}
}

@inproceedings{Article:OnlineBagging,
    author = "{Oza N., Russell S.}",
    year = {2001},
    month = {10},
    pages = {359-364},
    title = "{Experimental Comparisons of Online and Batch Versions of Bagging and Boosting}",
    booktitle = {Proceedings of the Seventh ACM SIGKDD International Conference on Knowledge Discovery and Data Mining}
}

@article{Article:NNBag,
    author = "{Błaszczyński J., Stefanowski J.}",
    year = {2015},
    month = {10},
    pages = {529-542},
    title = "{Neighbourhood sampling in bagging for imbalanced data}",
    volume = {150},
    journal = {Neurocomputing},
    doi = {10.1016/j.neucom.2014.07.064},
    publisher = {Elsevier}
}

@inproceedings{Article:LinearSearch,
    title = "{A Quantitative Analysis and Performance Study for Similarity-Search Methods in High-Dimensional Spaces}",
    author = "{Weber R., Schek H., Blott S.}",
    booktitle = {VLDB},
    year = {1998},
    pages = {194-205},
    volume = {98}
}

@article{Article:Hybrid,
    author = "{Polikar R.}",
    year = {2006},
    month = {10},
    pages = {21-45},
    title = "{Ensemble based systems in decision making}",
    volume = {6},
    number = {3},
    journal = {Circuits and Systems Magazine, IEEE},
    doi = {10.1109/MCAS.2006.1688199},
    publisher = {IEEE}
}

@article{Article:Friedman,
    author = "{Demsar J.}",
    year = {2006},
    month = {01},
    pages = {1-30},
    title = "{Statistical Comparisons of Classifiers over Multiple Data Sets}",
    volume = {7},
    journal = {Journal of Machine Learning Research},
    publisher = {JMLR. org}
}

@article{Article:Rutkowski,
    author = "{Rutkowski L. i in.}",
    year = {2012},
    pages = {1272-1279},
    title = "{Decision Trees for Mining Data Streams Based on the McDiarmid's Bound}",
    volume = {25},
    number = {6},
    journal = {IEEE Transactions on Knowledge and Data Engineering},
    publisher = {IEEE}
}

@article{Article:PageHinkley,
    title = "{Continuous inspection schemes}",
    author = "{Page E. S.}",
    journal = {Biometrika},
    year = {1954},
    volume = {41},
    number = {1/2},
    pages = {100-115},
    publisher = {JSTOR}
}

@inproceedings{Article:ADWIN,
    author = "{Bifet A., Gavaldà R.}",
    year = {2006},
    month = {10},
    pages = {29-40},
    title = "{Kalman Filters and Adaptive Windows for Learning in Data Streams}",
    booktitle = {International conference on discovery science},
    organization = {Springer},
    isbn = {978-3-540-46491-4},
    doi = {10.1007/11893318_7}
}